<?xml version="1.0" encoding="UTF-8"?>
<record xmlns="http://www.loc.gov/MARC21/slim">
   <leader>01395cam a2200313 a 4500</leader>
   <controlfield tag="001">2699636</controlfield>
   <controlfield tag="003">NjP</controlfield>
   <controlfield tag="005">20190705144423.0</controlfield>
   <controlfield tag="008">000112s1955    le           f100 0 ara d</controlfield>
   <datafield tag="024" ind1="7" ind2=" ">
      <subfield code="a">princeton_aco003754</subfield>
      <subfield code="2">local</subfield>
   </datafield>
   <datafield ind1=" " ind2=" " tag="040">
      <subfield code="a">NjP</subfield>
      <subfield code="c">PUL</subfield>
      <subfield code="d">PUL</subfield>
   </datafield>
   <datafield ind1=" " ind2=" " tag="035">
      <subfield code="9">CMW1679TS</subfield>
   </datafield>
   <datafield ind1=" " ind2=" " tag="035">
      <subfield code="a">(NjP)2699636</subfield>
   </datafield>
   <datafield ind1=" " ind2=" " tag="049">
      <subfield code="a">PULL</subfield>
   </datafield>
   <datafield ind1=" " ind2=" " tag="035">
      <subfield code="a">(OCoLC)ocm80936301</subfield>
   </datafield>
   <datafield ind1="2" ind2=" " tag="111">
      <subfield code="6">880-01</subfield>
      <subfield code="a">Muʼtamar al-Iqtiṣādī</subfield>
      <subfield code="n">(1st :</subfield>
      <subfield code="d">1955 :</subfield>
      <subfield code="c">Beirut, Lebanon).</subfield>
   </datafield>
   <datafield ind1="1" ind2="3" tag="245">
      <subfield code="6">880-02</subfield>
      <subfield code="a">al-Muʼtamar al-Iqtiṣādī al-Sanawī al-Awwal al-munʻaqid min 4 ilá 7 Ayyār sanat 1955.</subfield>
   </datafield>
   <datafield ind1=" " ind2=" " tag="260">
      <subfield code="6">880-03</subfield>
      <subfield code="a">Bayrūt :</subfield>
      <subfield code="b">al-Jumhūrīyah al-Lubnānīyah, Wizārat al-Taṣmīm al-ʻĀmm,</subfield>
      <subfield code="c">[1955?]</subfield>
   </datafield>
   <datafield ind1=" " ind2=" " tag="300">
      <subfield code="a">31 p. ;</subfield>
      <subfield code="c">24 cm.</subfield>
   </datafield>
   <datafield ind1=" " ind2="0" tag="651">
      <subfield code="a">Lebanon</subfield>
      <subfield code="x">Economic conditions</subfield>
      <subfield code="v">Congresses.</subfield>
   </datafield>
   <datafield ind1="2" ind2=" " tag="710">
      <subfield code="6">880-04</subfield>
      <subfield code="a">Lebanon.</subfield>
      <subfield code="b">Wizārat al-Taṣmīm al-ʻĀmm.</subfield>
      <subfield code="0">http://id.loc.gov/authorities/names/n82039978</subfield>
   </datafield>
   <datafield ind1="2" ind2=" " tag="880">
      <subfield code="6">111-01/r</subfield>
      <subfield code="a">مؤتمر الاقتصادي</subfield>
      <subfield code="n">(1st :</subfield>
      <subfield code="d">1955 :</subfield>
      <subfield code="c">Beirut, Lebanon)</subfield>
   </datafield>
   <datafield ind1="1" ind2="2" tag="880">
      <subfield code="6">245-02/r</subfield>
      <subfield code="a">المؤتمر الاقتصادي السنوي الاول المنعقد من 4 الى 7 ايار سنة 1955.</subfield>
   </datafield>
   <datafield ind1=" " ind2=" " tag="880">
      <subfield code="6">260-03/r</subfield>
      <subfield code="a">بيروت :</subfield>
      <subfield code="b">الجمهورية اللبنانية، وزارة التصميم العام،</subfield>
      <subfield code="c">[1955?]</subfield>
   </datafield>
   <datafield ind1="2" ind2=" " tag="880">
      <subfield code="6">710-04/r</subfield>
      <subfield code="a">Lebanon.</subfield>
      <subfield code="b">وزارة التصميم العام.</subfield>
   </datafield>
   <datafield ind1=" " ind2=" " tag="948">
      <subfield code="a">jeb</subfield>
   </datafield>
   <datafield ind1=" " ind2=" " tag="911">
      <subfield code="a">20000112</subfield>
   </datafield>
   <datafield ind1=" " ind2=" " tag="912">
      <subfield code="a">20000112044015.0</subfield>
   </datafield>
   <datafield ind1=" " ind2=" " tag="994">
      <subfield code="a">C0</subfield>
      <subfield code="b">PUL</subfield>
   </datafield>
   <datafield ind1=" " ind2=" " tag="999">
      <subfield code="a">2699636</subfield>
   </datafield>
   <datafield ind1=" " ind2=" " tag="979">
      <subfield code="a">(OCoLC)ocn178296556</subfield>
   </datafield>
   <datafield ind1="0" ind2="0" tag="852">
      <subfield code="0">3008965</subfield>
      <subfield code="b">rcppa</subfield>
      <subfield code="t">1</subfield>
      <subfield code="h">HC415.25</subfield>
      <subfield code="i">.M872 1955</subfield>
      <subfield code="x">tr fr anxa</subfield>
   </datafield>
   <datafield ind1=" " ind2=" " tag="959">
      <subfield code="a">2000-06-13 00:00:00 -0400</subfield>
   </datafield>
</record>
